<record><leader>00000cas a22000007a 4500</leader><controlfield tag="001">16954577</controlfield><controlfield tag="008">871109d18861887pauwr ne      0    0eng d</controlfield><datafield ind1=" " ind2=" " tag="010"><subfield code="a">sn 87078484 </subfield></datafield><datafield ind1=" " ind2=" " tag="040"><subfield code="a">NPH</subfield><subfield code="b">eng</subfield><subfield code="c">NPH</subfield><subfield code="d">OCLCQ</subfield></datafield><datafield ind1=" " ind2=" " tag="042"><subfield code="a">msc</subfield></datafield><datafield ind1="0" ind2=" " tag="130"><subfield code="a">True blue (Waynesburg, Pa.)</subfield></datafield><datafield ind1="1" ind2="0" tag="245"><subfield code="a">True blue.</subfield></datafield><datafield ind1=" " ind2=" " tag="260"><subfield code="a">Waynesburg, Greene County, Pa. :</subfield><subfield code="b">Pauley &amp; Sons</subfield></datafield><datafield ind1=" " ind2=" " tag="300"><subfield code="a">v. ;</subfield><subfield code="c">60 cm.</subfield></datafield><datafield ind1=" " ind2=" " tag="310"><subfield code="a">Weekly</subfield></datafield><datafield ind1="1" ind2=" " tag="362"><subfield code="a">Began in Mar. 1886?; ceased in 1887?</subfield></datafield><datafield ind1=" " ind2=" " tag="588"><subfield code="a">Description based on: Vol. 1, no. 2 (Mar. 24, 1886).</subfield></datafield><datafield ind1=" " ind2=" " tag="752"><subfield code="a">United States</subfield><subfield code="b">Pennsylvania</subfield><subfield code="c">Greene</subfield><subfield code="d">Waynesburg.</subfield></datafield></record>